@article{Liebrecht2017,
author = {Liebrecht, Christoph and Jacob, Alexander and Kuhnle, Andreas and Lanza, Gisela},
doi = {10.1016/j.procir.2017.03.147},
issn = {22128271},
journal = {Procedia CIRP},
keywords = {Conference,OwnPublication},
mendeley-tags = {Conference,OwnPublication},
pages = {224--229},
title = {{Multi-criteria Evaluation of Manufacturing Systems 4.0 under Uncertainty}},
url = {https://linkinghub.elsevier.com/retrieve/pii/S2212827117303293},
volume = {63},
year = {2017}
}