@standard{VDI3633Blatt12014,
    title = {{Simulation of systems in materials handling, logistics and production - Fundamentals}},
    year = {2014},
    author = {{VDI 3633 Part 1}},
    location = {Berlin},
    pages = {48},
    organization = {Verein Deutscher Ingenieure e.V.},
    institution = {Beuth Verlag}
}

@article{Silver2018,
    title = {{A general reinforcement learning algorithm that masters chess, shogi, and Go through self-play}},
    year = {2018},
    journal = {Science},
    author = {Silver, David and Hubert, Thomas and Schrittwieser, Julian and Antonoglou, Ioannis and Lai, Matthew and Guez, Arthur and Lanctot, Marc and Sifre, Laurent and Kumaran, Dharshan and Graepel, Thore and Lillicrap, Timothy and Simonyan, Karen and Hassabis, Demis},
    number = {6419},
    month = {12},
    pages = {1140--1144},
    volume = {362},
    publisher = {American Association for the Advancement of Science},
    url = {https://www.sciencemag.org/lookup/doi/10.1126/science.aar6404},
    doi = {10.1126/science.aar6404},
    issn = {0036-8075}
}

@inproceedings{Riedmiller1999,
    title = {{A neural reinforcement learning approach to learn local dispatching policies in production scheduling}},
    year = {1999},
    booktitle = {Proceedings of the 16th international joint conference on Artificial intelligence, Stockholm, 31.07. - 06.08.1999},
    author = {Riedmiller, Simone and Riedmiller, Martin},
    editor = {Dean, Thomas},
    pages = {764--769},
    publisher = {Morgan Kaufmann Publishers Inc.},
    address = {San Francisco},
    issn = {10450823}
}

@unpublished{A_Fischer2017,
    title = {{Anwendung von Reinforcement Learning zur Produktionssteuerung in teilautomatisierten Produktionsumgebungen}},
    year = {2017},
    author = {Fischer, Andreas},
    series = {Bachelor Thesis. Karlsruhe: Karlsruhe Institute of Technology, wbk Institute of Production Science},
    institution = {Karlsruhe Institute of Technology (KIT)}
}

@book{Russell2016,
    title = {{Artificial Intelligence: A Modern Approach}},
    year = {2016},
    author = {Russell, S. J. and Norvig, P.},
    edition = {3},
    pages = {1152},
    publisher = {Pearson Education Limited},
    url = {http://thuvien.thanglong.edu.vn:8081/dspace/bitstream/DHTL_123456789/4010/1/CS503-2.pdf},
    address = {Harlow}
}

@phdthesis{Heger2014,
    title = {{Dynamische Regelselektion in der Reihenfolgeplanung}},
    year = {2014},
    author = {Heger, Jens},
    publisher = {Springer Fachmedien Wiesbaden},
    url = {http://link.springer.com/10.1007/978-3-658-07982-6},
    school = {Universit{\"{a}}t Bremen},
    address = {Bremen},
    doi = {10.1007/978-3-658-07982-6}
}